@book{Tomasello08-origins,
    title     = {Origins of human communication},
    author    = {Tomasello, Michael},
    year      = {2008},
    publisher = {MIT Press},
    doi       = {10.7551/mitpress/7551.001.0001}
}

@book{MercierSperber17,
    title     = {The enigma of reason},
    author    = {Mercier, Hugo and Sperber, Dan},
    year      = {2017},
    publisher = {Harvard University Press},
    doi       = {10.4159/9780674977860}
}

@article{Ayala99,
    title     = {Adaptation and novelty: teleological explanations in evolutionary biology},
    author    = {Ayala, Francisco J.},
    journal   = {History and philosophy of the life sciences},
    pages     = {3--33},
    year      = {1999},
    publisher = {JSTOR}
}

@book{Allen98,
    title     = {Nature's purposes: Analyses of function and design in biology},
    author    = {Allen, Colin and Bekoff, Marc and Lauder, George V.},
    year      = {1998},
    publisher = {MIT Press}
}

@book{Wright76,
    title     = {Teleological explanations: An etiological analysis of goals and functions},
    author    = {Wright, Larry},
    year      = {1976},
    publisher = {University of California Press}
}
